<?xml version="1.0" encoding="UTF-8"?>
<SOAP-ENV:Envelope xmlns:SOAP-ENV="http://schemas.xmlsoap.org/soap/envelope/" xmlns:ns1="http://oss.dbc.dk/ns/openformat" xmlns:os="http://oss.dbc.dk/ns/opensearch" xmlns:dc="http://purl.org/dc/elements/1.1/" xmlns:dkabm="http://biblstandard.dk/abm/namespace/dkabm/" xmlns:ISO639-2="http://lcweb.loc.gov/standards/iso639-2/" xmlns:dcmitype="http://purl.org/dc/dcmitype/" xmlns:dcterms="http://purl.org/dc/terms/" xmlns:ac="http://biblstandard.dk/ac/namespace/" xmlns:dkdcplus="http://biblstandard.dk/abm/namespace/dkdcplus/" xmlns:oss="http://oss.dbc.dk/ns/osstypes" xmlns:marcx="info:lc/xmlns/marcxchange-v1" xmlns:xsi="http://www.w3.org/2001/XMLSchema-instance">
  <SOAP-ENV:Body>
    <ns1:formatRequest>
      <ns1:originalData>
        <os:collection>
          <os:resultPosition>1</os:resultPosition>
          <os:numberOfObjects>1</os:numberOfObjects>
          <os:object>
            <dkabm:record>
              <ac:identifier>51035909|870970</ac:identifier>
              <dc:identifier xsi:type="dkdcplus:ISBN">9788757415940</dc:identifier>
              <ac:source>Bibliotekskatalog</ac:source>
              <dc:title>International købelov (CISG) med kommentarer</dc:title>
              <dc:title xsi:type="dkdcplus:full">International købelov (CISG) med kommentarer</dc:title>
              <dc:subject xsi:type="dkdcplus:DK5">34.66 Køb</dc:subject>
              <dc:subject xsi:type="dkdcplus:DBCF">Convention on Contracts for the International Sale of Goods</dc:subject>
              <dc:subject xsi:type="dkdcplus:DK5-Text">Enkelte danske love og samlinger af danske love om specielle områder efter Christian V's danske lov (1683)</dc:subject>
              <dc:subject xsi:type="dkdcplus:DBCF">international købelov</dc:subject>
              <dc:subject xsi:type="dkdcplus:DBCF">international køberet</dc:subject>
              <dc:subject xsi:type="dkdcplus:DBCF">konventioner</dc:subject>
              <dc:subject xsi:type="dkdcplus:DBCO">konventioner</dc:subject>
              <dc:subject xsi:type="dkdcplus:DBCF">køberet</dc:subject>
              <dc:subject xsi:type="dkdcplus:DBCO">love</dc:subject>
              <dc:subject xsi:type="dkdcplus:DBCF">lovgivning</dc:subject>
              <dc:description>CISG: The United Nations convention on contracts for the international sale of goods</dc:description>
              <dcterms:audience>voksenmaterialer</dcterms:audience>
              <dkdcplus:version>1. udgave</dkdcplus:version>
              <dc:publisher>Jurist- og Økonomforbundet</dc:publisher>
              <dc:contributor xsi:type="dkdcplus:aut">Bernhard Gomard</dc:contributor>
              <dc:contributor xsi:type="dkdcplus:aut">René Franz Henschel</dc:contributor>
              <dc:date>2014</dc:date>
              <dc:type xsi:type="dkdcplus:BibDK-Type">Bog</dc:type>
              <dcterms:extent>528 sider</dcterms:extent>
              <dc:language xsi:type="dcterms:ISO639-2">dan</dc:language>
              <dc:language>Dansk</dc:language>
            </dkabm:record>
            <marcx:collection>
              <marcx:record format="danMARC2" type="Bibliographic">
                <marcx:leader>00000n    2200000   4500</marcx:leader>
                <marcx:datafield ind1="0" ind2="0" tag="001">
                  <marcx:subfield code="a">51035909</marcx:subfield>
                  <marcx:subfield code="b">870970</marcx:subfield>
                  <marcx:subfield code="c">20140430180827</marcx:subfield>
                  <marcx:subfield code="d">20140327</marcx:subfield>
                  <marcx:subfield code="f">a</marcx:subfield>
                </marcx:datafield>
                <marcx:datafield ind1="0" ind2="0" tag="004">
                  <marcx:subfield code="r">n</marcx:subfield>
                  <marcx:subfield code="a">e</marcx:subfield>
                </marcx:datafield>
                <marcx:datafield ind1="0" ind2="0" tag="008">
                  <marcx:subfield code="t">m</marcx:subfield>
                  <marcx:subfield code="u">f</marcx:subfield>
                  <marcx:subfield code="a">2014</marcx:subfield>
                  <marcx:subfield code="b">dk</marcx:subfield>
                  <marcx:subfield code="d">n</marcx:subfield>
                  <marcx:subfield code="d">y</marcx:subfield>
                  <marcx:subfield code="l">dan</marcx:subfield>
                  <marcx:subfield code="x">04</marcx:subfield>
                  <marcx:subfield code="v">0</marcx:subfield>
                </marcx:datafield>
                <marcx:datafield ind1="0" ind2="0" tag="009">
                  <marcx:subfield code="a">a</marcx:subfield>
                  <marcx:subfield code="g">xx</marcx:subfield>
                </marcx:datafield>
                <marcx:datafield ind1="0" ind2="0" tag="021">
                  <marcx:subfield code="e">9788757415940</marcx:subfield>
                  <marcx:subfield code="c">ib.</marcx:subfield>
                </marcx:datafield>
                <marcx:datafield ind1="0" ind2="0" tag="032">
                  <marcx:subfield code="a">DBF201419</marcx:subfield>
                  <marcx:subfield code="x">BKM201419</marcx:subfield>
                  <marcx:subfield code="x">ACC201413</marcx:subfield>
                </marcx:datafield>
                <marcx:datafield ind1="0" ind2="0" tag="245">
                  <marcx:subfield code="a">International købelov (CISG) med kommentarer</marcx:subfield>
                </marcx:datafield>
                <marcx:datafield ind1="0" ind2="0" tag="250">
                  <marcx:subfield code="a">1. udgave</marcx:subfield>
                  <marcx:subfield code="b">÷</marcx:subfield>
                </marcx:datafield>
                <marcx:datafield ind1="0" ind2="0" tag="260">
                  <marcx:subfield code="&amp;">1</marcx:subfield>
                  <marcx:subfield code="a">Kbh.</marcx:subfield>
                  <marcx:subfield code="b">Jurist- og Økonomforbundet</marcx:subfield>
                  <marcx:subfield code="c">2014</marcx:subfield>
                </marcx:datafield>
                <marcx:datafield ind1="0" ind2="0" tag="300">
                  <marcx:subfield code="a">528 sider</marcx:subfield>
                </marcx:datafield>
                <marcx:datafield ind1="0" ind2="0" tag="512">
                  <marcx:subfield code="a">CISG: The United Nations convention on contracts for the international sale of goods</marcx:subfield>
                </marcx:datafield>
                <marcx:datafield ind1="0" ind2="0" tag="521">
                  <marcx:subfield code="b">1. oplag</marcx:subfield>
                  <marcx:subfield code="c">2014</marcx:subfield>
                  <marcx:subfield code="k">Narayana Press, Gylling</marcx:subfield>
                </marcx:datafield>
                <marcx:datafield ind1="0" ind2="0" tag="526">
                  <marcx:subfield code="i">Afløser</marcx:subfield>
                  <marcx:subfield code="d">Bernhard Gomard</marcx:subfield>
                  <marcx:subfield code="t">International købelov</marcx:subfield>
                  <marcx:subfield code="b">. 1990</marcx:subfield>
                </marcx:datafield>
                <marcx:datafield ind1="0" ind2="0" tag="532">
                  <marcx:subfield code="&amp;">1</marcx:subfield>
                  <marcx:subfield code="a">Med litteraturhenvisninger og links</marcx:subfield>
                </marcx:datafield>
                <marcx:datafield ind1="0" ind2="0" tag="652">
                  <marcx:subfield code="m">34.66</marcx:subfield>
                  <marcx:subfield code="b">Køb</marcx:subfield>
                </marcx:datafield>
                <marcx:datafield ind1="0" ind2="0" tag="652">
                  <marcx:subfield code="p">34.53</marcx:subfield>
                </marcx:datafield>
                <marcx:datafield ind1="0" ind2="0" tag="666">
                  <marcx:subfield code="0"/>
                  <marcx:subfield code="f">Convention on Contracts for the International Sale of Goods</marcx:subfield>
                </marcx:datafield>
                <marcx:datafield ind1="0" ind2="0" tag="666">
                  <marcx:subfield code="0"/>
                  <marcx:subfield code="f">køberet</marcx:subfield>
                </marcx:datafield>
                <marcx:datafield ind1="0" ind2="0" tag="666">
                  <marcx:subfield code="0"/>
                  <marcx:subfield code="f">international køberet</marcx:subfield>
                </marcx:datafield>
                <marcx:datafield ind1="0" ind2="0" tag="666">
                  <marcx:subfield code="0"/>
                  <marcx:subfield code="f">international købelov</marcx:subfield>
                </marcx:datafield>
                <marcx:datafield ind1="0" ind2="0" tag="666">
                  <marcx:subfield code="0"/>
                  <marcx:subfield code="f">konventioner</marcx:subfield>
                </marcx:datafield>
                <marcx:datafield ind1="0" ind2="0" tag="666">
                  <marcx:subfield code="0"/>
                  <marcx:subfield code="f">lovgivning</marcx:subfield>
                </marcx:datafield>
                <marcx:datafield ind1="0" ind2="0" tag="666">
                  <marcx:subfield code="0"/>
                  <marcx:subfield code="o">love</marcx:subfield>
                </marcx:datafield>
                <marcx:datafield ind1="0" ind2="0" tag="666">
                  <marcx:subfield code="0"/>
                  <marcx:subfield code="o">konventioner</marcx:subfield>
                </marcx:datafield>
                <marcx:datafield ind1="0" ind2="0" tag="700">
                  <marcx:subfield code="5">870979</marcx:subfield>
                  <marcx:subfield code="6">68355435</marcx:subfield>
                  <marcx:subfield code="4">aut</marcx:subfield>
                  <marcx:subfield code="0"/>
                  <marcx:subfield code="a">Gomard</marcx:subfield>
                  <marcx:subfield code="h">Bernhard</marcx:subfield>
                </marcx:datafield>
                <marcx:datafield ind1="0" ind2="0" tag="700">
                  <marcx:subfield code="5">870979</marcx:subfield>
                  <marcx:subfield code="6">68428211</marcx:subfield>
                  <marcx:subfield code="4">aut</marcx:subfield>
                  <marcx:subfield code="0"/>
                  <marcx:subfield code="a">Henschel</marcx:subfield>
                  <marcx:subfield code="h">René Franz</marcx:subfield>
                </marcx:datafield>
                <marcx:datafield ind1="0" ind2="0" tag="990">
                  <marcx:subfield code="o">201419</marcx:subfield>
                  <marcx:subfield code="b">v</marcx:subfield>
                  <marcx:subfield code="u">nt</marcx:subfield>
                </marcx:datafield>
                <marcx:datafield ind1="0" ind2="0" tag="996">
                  <marcx:subfield code="a">DBC</marcx:subfield>
                </marcx:datafield>
              </marcx:record>
            </marcx:collection>
            <os:identifier>870970-basis:51035909</os:identifier>
            <os:creationDate>2014-03-27</os:creationDate>
            <os:holdingsCount>9</os:holdingsCount>
            <os:lendingLibraries>9</os:lendingLibraries>
            <os:formatsAvailable>
              <os:format>dkabm</os:format>
              <os:format>marcxchange</os:format>
            </os:formatsAvailable>
          </os:object>
        </os:collection>
      </ns1:originalData>
      <ns1:outputFormat>PLACEHOLDER</ns1:outputFormat>
      <ns1:trackingId>bog_international_koebelov_526dtb.xml.PLACEHOLDER</ns1:trackingId>
    </ns1:formatRequest>
  </SOAP-ENV:Body>
</SOAP-ENV:Envelope>
